@misc{perceptronImage,
  author       = {{101 AI}},
  title        = {Perceptron - Neural Network Visualizer},
  howpublished = {\url{http://101ai.net/nnet/perceptron}},
  note         = {Accessed: 2025-05-19},
  year         = {2023}
}

@misc{crossValidationImage,
  author       = {Zitao Shen},
  title        = {Machine Learning 101: Cross Validation},
  howpublished = {\url{https://zitaoshen.rbind.io/project/machine_learning/machine-learning-101-cross-vaildation/}},
  note         = {Accessed: 2025-05-23},
  year         = {2020}
}

